@MISC{Vapnik99thenature,
    author = {Vladimir N. Vapnik},
    title = {The Nature of Statistical Learning Theory},
    year = {1999}
}

@ARTICLE{Dempster77maximumlikelihood,
    author = {A. P. Dempster and N. M. Laird and D. B. Rubin},
    title = {Maximum likelihood from incomplete data via the EM algorithm},
    journal = {JOURNAL OF THE ROYAL STATISTICAL SOCIETY, SERIES B},
    year = {1977},
    volume = {39},
    number = {1},
    pages = {1--38}
}

@MISC{Lowe03distinctiveimage,
    author = {David G. Lowe},
    title = {Distinctive Image Features from Scale-Invariant Keypoints},
    year = {2003}
}

@ARTICLE{Altschul97gappedblast,
    author = {Stephen F Altschul and Thomas L Madden and Alejandro A Sch√§ffer and Jinghui Zhang and Zheng Zhang and Webb Miller and David J Lipman},
    title = {Gapped BLAST and PSI-BLAST: a new generation of protein database search programs.},
    journal = {Nucleic Acids Res.},
    year = {1997},
    pages = {3389--3402}
}
